@inproceedings{becattini2025sallma,
  author    = {Marco Becattini and Roberto Verdecchia and Enrico Vicario},
  title     = {SALLMA: A Software Architecture for LLM-Based Multi-Agent Systems},
  booktitle = {SA Trends 2025},
  year      = {2025},
  organization = {Software Technologies Laboratory, University of Florence}
}

@inproceedings{dalia2024sbom,
  author    = {Gregorio Dalia and Corrado A. Visaggio and Andrea Di Sorbo and Gerardo Canfora},
  title     = {SBOM Ouverture: What We Need and What We Have},
  booktitle = {Proceedings of the 19th International Conference on Availability, Reliability and Security (ARES 2024)},
  year      = {2024},
  month     = {July},
  address   = {Vienna, Austria},
  publisher = {ACM},
  pages     = {1--9},
  doi       = {10.1145/3664476.3669975}
}

@inproceedings{xia2024trust,
  author = {Xia, Bonning and Zhang, Dawen and Liu, Yue and Lu, Qinghua and Xing, Zhenchang and Zhu, Liming},
  title = {Trust in Software Supply Chains: Blockchain-Enabled SBOM and the AIBOM Future},
  booktitle = {2024 IEEE/ACM 4th International Workshop on Engineering and Cybersecurity of Critical Systems (EnCyCriS) and 2024 IEEE/ACM Second International Workshop on Software Vulnerability (EnCyCriS/SVM '24)},
  year = {2024},
  location = {Lisbon, Portugal},
  doi = {10.1145/3643662.3643957},
  pages = {1--8}
}

@inproceedings{stalnaker2024boms,
  author = {Stalnaker, Trevor and Di Penta, Massimiliano and Wintersgill, Nathan and Chaparro, Oscar and German, Daniel M. and Poshyvanyk, Denys},
  title = {BOMs Away! Inside the Minds of Stakeholders: A Comprehensive Study of Bills of Materials for Software Systems},
  booktitle = {2024 IEEE/ACM 46th International Conference on Software Engineering (ICSE '24)},
  year = {2024},
  location = {Lisbon, Portugal},
  doi = {10.1145/3597503.3623347},
  pages = {1--13}
}

@inproceedings{xia2024empirical,
  author = {Xia, Boming and Bi, Tingting and Xing, Zhenchang and Lu, Qinghua and Zhu, Liming},
  title = {An Empirical Study on Software Bill of Materials: Where We Stand and the Road Ahead},
  booktitle = {2024 IEEE/ACM 45th International Conference on Software Engineering (ICSE '24)},
  year = {2024},
  location = {Lisbon, Portugal},
}


@book{Buschmann1996,
  author    = {Frank Buschmann and Regine Meunier and Hans Rohnert and Peter Sommerlad and Michael Stal},
  title     = {Pattern-Oriented Software Architecture: A System of Patterns},
  year      = {1996},
  publisher = {John Wiley \& Sons},
  address   = {Chichester, UK},
  isbn      = {0-471-95869-7}
}


@article{barclay2022providing,
  author    = {Iain Barclay and Alun Preece and Ian Taylor and Swapna Krishnakumar Radha and Jarek Nabryzski},
  title     = {Providing assurance and scrutability on shared data and machine learning models with verifiable credentials},
  journal   = {Concurrency and Computation: Practice and Experience},
  volume    = {34},
  number    = {7},
  pages     = {e6997},
  year      = {2022},
  publisher = {Wiley},
  doi       = {10.1002/cpe.6997}
}


% Def SBOM
@misc{NTIA_SBOM,
  author = {{National Telecommunications and Information Administration}},
  title = {Software Bill of Materials},
  year = {2021},
  howpublished = {\url{https://www.ntia.gov/page/software-bill-materials}},
  note = {Accessed: March 12, 2025}
}

% SBOM white house executive order
@misc{biden2021,
  author       = {Joe Biden},
  year         = {2021},
  title        = {Executive Order on Improving the Nation’s Cybersecurity},
  institution  = {The White House},
  note      = {\url{https://www.govinfo.gov/content/pkg/FR-2021-05-17/pdf/2021-10460.pdf}. Accessed: 2025-03-26}
}

% Linux Foundation, The State of Software Bill of Materials
@misc{sbom_readiness,
  author       = {{Linux Foundation}},
  title        = {The State of Software Bill of Materials (SBOM) and Cybersecurity Readiness},
  year         = {2022},
  month        = {Jan},
  note         = {\url{https://www.linuxfoundation.org/tools/the-state-of-software-bill-of-materials-sbom-and-cybersecurity-readiness/}. Accessed: 2025-03-13}
}


% AI ACT
@misc{eu_ai_act_2024,
  author       = {{European Union}},
  title        = {{Regulation (EU) 2024/1689 of the European Parliament and of the Council of 13 June 2024 laying down harmonised rules on artificial intelligence (Artificial Intelligence Act)}},
  year         = {2024},
  month        = {jun},
  howpublished = {\url{https://eur-lex.europa.eu/legal-content/EN/TXT/PDF/?uri=OJ:L_202401689}},
  note         = {Official Journal of the European Union, L 1689, 13 June 2024. Accessed: 2025-03-13}
}

% Executive Order 13960 
@misc{federalregister2020,
  title = {Promoting the Use of Trustworthy Artificial Intelligence in the Federal Government},
  author = {{Federal Register}},
  year = {2020},
  month = {December 8},
  howpublished = {\url{https://www.federalregister.gov/documents/2020/12/08/2020-27065/promoting-the-use-of-trustworthy-artificial-intelligence-in-the-federal-government}},
  note = {Accessed: 2025-03-25}
}



% SWE at Google
@book{winters2020software,
  author    = {Titus Winters and Tom Manshreck and Hyrum Wright},
  title     = {Software Engineering at Google: Lessons Learned from Programming Over Time},
  year      = {2020},
  publisher = {O'Reilly Media},
  isbn      = {978-1492082798}
}


% AI E

@book{huyen2024ai,
  author    = {Chip Huyen},
  title     = {AI Engineering},
  year      = {2024},
  publisher = {O'Reilly Media, Inc.},
  isbn      = {9781098166304}
}


% DATA BOM
@article{Barclay2019,
  author    = {Iain Barclay and Alun Preece and Ian Taylor and Dinesh Verma},
  title     = {Towards Traceability in Data Ecosystems using a Bill of Materials Model},
  journal   = {arXiv preprint arXiv:1904.04253},
  year      = {2019},
  archivePrefix = {arXiv},
  eprint    = {1904.04253},
  primaryClass = {cs.CY},
  doi       = {10.48550/arXiv.1904.04253},
  url       = {https://arxiv.org/abs/1904.04253}
}


% Responisble By Design 
@article{lu2023responsible,
  author = {Lu, Qinghua and Zhu, Liming and Xu, Xiwei and Whittle, Jon},
  title = {Responsible-AI-by-Design: A Pattern Collection for Designing Responsible Artificial Intelligence Systems},
  journal = {IEEE Software},
  volume = {40},
  number = {3},
  year = {2023},
  doi = {10.1109/MS.2022.3233582}
}

% model cards
@inproceedings{mitchell2019model,
  title={Model Cards for Model Reporting},
  author={Mitchell, Margaret and Wu, Simone and Zaldivar, Andrew and Barnes, Parker and Vasserman, Lucy and Hutchinson, Ben and Spitzer, Elena and Raji, Inioluwa Deborah and Gebru, Timnit},
  booktitle={Proceedings of the Conference on Fairness, Accountability, and Transparency},
  pages={220--229},
  year={2019},
  organization={ACM},
  doi={10.1145/3287560.3287596},
  url={https://arxiv.org/abs/1810.03993}
}

% Datasheets for Datasets
@article{Gebru2021Datasheets,
  author    = {Timnit Gebru and Jamie Morgenstern and Briana Vecchione and Jennifer Wortman Vaughan and Hanna Wallach and Hal Daumé III and Kate Crawford},
  title     = {Datasheets for Datasets},
  journal   = {Communications of the ACM},
  volume    = {64},
  number    = {12},
  pages     = {86--92},
  year      = {2021},
  doi       = {10.1145/3458723}
}


% SBOM usage 2024
@inproceedings{kloeg2024charting,
  author    = {Berend Kloeg and Aaron Yi Ding and Sjoerd Pellegrom and Yury Zhauniarovich},
  title     = {Charting the Path to SBOM Adoption: A Business Stakeholder-Centric Approach},
  booktitle = {Proceedings of the 19th ACM Asia Conference on Computer and Communications Security (ACM AsiaCCS)},
  year      = {2024},
  pages     = {1770--1783},
  publisher = {ACM},
  doi       = {10.1145/3634737.3637659},
  url       = {https://doi.org/10.1145/3634737.3637659}
}


% LINKS, ARTICLES & DOCUMENTATION 

@misc{huggingfaceModelCards,
  author    = "{Hugging Face}",
  title     = "{Model Cards}",
  year      = {n.d.},
  note      = {\url{https://huggingface.co/docs/hub/model-cards}. Accessed: 2025-03-13}
}

@misc{huggingfaceDatasetCards,
  author    = "{Hugging Face}",
  title     = "{Dataset Cards}",
  year      = {n.d.},
  note      = {\url{https://huggingface.co/docs/hub/datasets-cards}. Accessed: 2025-03-13}
}

@misc{cyclonedxMLBOM,
  author    = "{CycloneDX}",
  title     = "{Machine Learning Bill of Materials (ML-BOM)}",
  year      = {2024},
  note      = {\url{https://cyclonedx.org/capabilities/mlbom/}. Accessed: 2025-03-13}
}



@misc{tzolov2024structured,
  author = {Tzolov, Christian},
  title = {Spring AI - Structured Output},
  howpublished = {\url{https://spring.io/blog/2024/05/09/spring-ai-structured-output}},
  year = {2024},
  note = {Published by Spring Blog. Accessed: 2025-05-20}
}



%% APPENDIX


@misc{schluntz2024building,
  author = {Schluntz, Erik and Zhang, Barry},
  title = {Building Effective Agents},
  howpublished = {\url{https://www.anthropic.com/engineering/building-effective-agents}},
  year = {2024},
  note = {Published by Anthropic. Accessed: 2025-04-22}
}

@misc{tzolov2025agentic,
  author = {Tzolov, Christian},
  title = {Building Effective Agents with Spring AI (Part 1)},
  howpublished = {\url{https://spring.io/blog/2025/01/21/spring-ai-agentic-patterns}},
  year = {2025},
  note = {Published by Spring Blog. Accessed: 2025-04-22}
}





@misc{w3c_zkp,
  author = {{W3C}},
  title = {Verifiable Credentials Data Model v1.0 - Zero-Knowledge Proofs},
  howpublished = {\url{https://www.w3.org/TR/vc-data-model/#zero-knowledge-proofs}},
  year = {n.d.},
  note = {Accessed: June 9, 2025}
}


@article{guo2021network,
  author    = {Aipeng Guo and Chunhui Yuan},
  title     = {Network Intelligent Control and Traffic Optimization Based on SDN and Artificial Intelligence},
  journal   = {Electronics},
  volume    = {10},
  number    = {6},
  pages     = {700},
  year      = {2021},
  publisher = {MDPI},
  doi       = {10.3390/electronics10060700},
  url       = {https://doi.org/10.3390/electronics10060700}
}
